<?xml version="1.0" encoding="UTF-8"?><collection xmlns="http://www.loc.gov/MARC21/slim"><record><leader>00421nam--2200121-i-4500</leader><controlfield tag="001">000045811</controlfield><controlfield tag="002">20161230</controlfield><controlfield tag="005">20161230201045</controlfield><controlfield tag="008">060222s1000------------r-----000-0-eng-d</controlfield><datafield ind1=" " ind2=" " tag="100"><subfield code="a">Vainshtein, A.I.And Khriplovich, I.B</subfield></datafield><datafield ind1=" " ind2=" " tag="245"><subfield code="a">To the question of the limiting transition to zero mass and renormalizsbility in the massive yang-mills field theory</subfield></datafield><datafield ind1=" " ind2=" " tag="260"><subfield code="a">Novosibirsk, Inst.Of Nuclear Physics, 1970, 28p</subfield></datafield><datafield ind1=" " ind2=" " tag="852"><subfield code="a">35499</subfield></datafield></record></collection>